<?xml version="1.0" encoding="UTF-8"?>
<collection xmlns:xsi="http://www.w3.org/2001/XMLSchema-instance" xsi:schemaLocation="http://www.loc.gov/MARC21/slim http://www.loc.gov/standards/marcxml/schema/MARC21slim.xsd" xmlns="http://www.loc.gov/MARC21/slim">
<record>
  <leader>01414cam a2200325uu 4500</leader>
  <controlfield tag="001">647100</controlfield>
  <controlfield tag="003">NNC</controlfield>
  <controlfield tag="005">20160718182709.0</controlfield>
  <controlfield tag="008">880506s1900    ua ||||| |||||||| ||ara|d</controlfield>
  <datafield tag="035" ind1=" " ind2=" ">
    <subfield code="9">ACV4138CU</subfield>
  </datafield>
  <datafield tag="035" ind1=" " ind2=" ">
    <subfield code="a">(OCoLC)ocn60601311</subfield>
  </datafield>
  <datafield tag="035" ind1=" " ind2=" ">
    <subfield code="a">(OCoLC)60601311</subfield>
  </datafield>
  <datafield tag="035" ind1=" " ind2=" ">
    <subfield code="a">(NNC)647100</subfield>
  </datafield>
  <datafield tag="040" ind1=" " ind2=" ">
    <subfield code="a">UkDhU</subfield>
    <subfield code="c">DHA</subfield>
  </datafield>
  <datafield tag="100" ind1="0" ind2=" ">
    <subfield code="6">880-01</subfield>
    <subfield code="a">ʻIyāḍ ibn Mūsá,</subfield>
    <subfield code="d">1083-1149.</subfield>
  </datafield>
  <datafield tag="240" ind1="1" ind2="0">
    <subfield code="6">880-02</subfield>
    <subfield code="a">Shifāʼ bi-taʻrīf ḥuqūq al-Muṣṭafá</subfield>
  </datafield>
  <datafield tag="245" ind1="1" ind2="0">
    <subfield code="6">880-03</subfield>
    <subfield code="a">Hādhā Kitāb al-Shifāʼ bi-taʻrīf ḥuqūq al-Muṣṭafá /</subfield>
    <subfield code="c">li-Abī al-Faḍl ʻIyāḍ.</subfield>
  </datafield>
  <datafield tag="246" ind1="3" ind2="0">
    <subfield code="6">880-04</subfield>
    <subfield code="a">Kitāb al-Shifāʼ bi-taʻrīf ḥuqūq al-Muṣṭafá</subfield>
  </datafield>
  <datafield tag="260" ind1=" " ind2=" ">
    <subfield code="6">880-05</subfield>
    <subfield code="a">Misr :</subfield>
    <subfield code="b">al-Matbaʻah al-Sharafiyah,</subfield>
    <subfield code="c">1318 [1900]</subfield>
  </datafield>
  <datafield tag="300" ind1=" " ind2=" ">
    <subfield code="a">2 v. in 1.</subfield>
  </datafield>
  <datafield tag="600" ind1="0" ind2="0">
    <subfield code="6">880-06</subfield>
    <subfield code="a">Muḥammad,</subfield>
    <subfield code="c">Prophet,</subfield>
    <subfield code="d">-632.</subfield>
  </datafield>
  <datafield tag="650" ind1=" " ind2="0">
    <subfield code="a">Hadith</subfield>
    <subfield code="v">Early works to 1800.</subfield>
  </datafield>
  <datafield tag="650" ind1=" " ind2="0">
    <subfield code="a">Religious life</subfield>
    <subfield code="x">Islam</subfield>
    <subfield code="v">Early works to 1800.</subfield>
  </datafield>
  <datafield tag="797" ind1=" " ind2=" ">
    <subfield code="g">RSLP recon: Durham</subfield>
  </datafield>
  <datafield tag="880" ind1="0" ind2=" ">
    <subfield code="6">100-01/r</subfield>
    <subfield code="a">عياض بن موسى,</subfield>
    <subfield code="d">1083-1149.</subfield>
  </datafield>
  <datafield tag="880" ind1="1" ind2="0">
    <subfield code="6">240-02/r</subfield>
    <subfield code="a">شفا بتعريف حقوق المصطفى</subfield>
  </datafield>
  <datafield tag="880" ind1="1" ind2="0">
    <subfield code="6">245-03/r</subfield>
    <subfield code="a">هذا كتاب الشفاء بتعريف حقوق المصطفى /</subfield>
    <subfield code="c">لابي الفضل عياض.</subfield>
  </datafield>
  <datafield tag="880" ind1="3" ind2="0">
    <subfield code="6">246-04/r</subfield>
    <subfield code="a">كتاب الشفاء بتعريف حقوق المصطفى</subfield>
  </datafield>
  <datafield tag="880" ind1=" " ind2=" ">
    <subfield code="6">260-05/r</subfield>
    <subfield code="a">مصر :</subfield>
    <subfield code="b">المطبعة الشرفية،</subfield>
    <subfield code="c">1318.</subfield>
  </datafield>
  <datafield tag="880" ind1="0" ind2="4">
    <subfield code="6">600-06/r</subfield>
    <subfield code="a">محمد،</subfield>
    <subfield code="c">النبيء,</subfield>
    <subfield code="d">-632.</subfield>
  </datafield>
  <datafield tag="955" ind1=" " ind2=" ">
    <subfield code="b">CU59575735</subfield>
    <subfield code="d">off,glx</subfield>
    <subfield code="e">ME06554</subfield>
  </datafield>
</record>
</collection>